@Manual{R-base,
  title = {R: A Language and Environment for Statistical Computing},
  author = {{R Core Team}},
  organization = {R Foundation for Statistical Computing},
  address = {Vienna, Austria},
  year = {2018},
  url = {https://www.R-project.org/},
}
@article{Eric2001,
annote = {[Online; accessed 2016-03-04]},
author = {Eric, Jones and Travis, Oliphant and Pearu, Peterson and et Al.},
title = {{SciPy : Open source scientific tools for Python}},
url = {http://www.scipy.org/},
year = {2001}
}
@article{VanderWalt2011,
abstract = {In the Python world, NumPy arrays are the standard representation for numerical data and enable efficient implementation of numerical computations in a high-level language. As this effort shows, NumPy performance can be improved through three techniques: vectorizing calculations, avoiding copying data in memory, and minimizing operation counts.},
author = {van der Walt, Stefan and Colbert, S. Chris and Varoquaux, Gael},
doi = {10.1109/MCSE.2011.37},
issn = {1521-9615 VO - 13},
journal = {Computing in Science {\&} Engineering},
keywords = {Arrays,Computational efficiency,Finite element methods,NumPy,Numerical analysis,Performance evaluation,Python,Python programming language,Resource management,Vector quantization,data structures,high level language,high level languages,mathematics computing,numerical analysis,numerical computation,numerical computations,numerical data,numpy array,programming libraries,scientific programming},
number = {2},
pages = {22--30},
title = {{The NumPy Array: A Structure for Efficient Numerical Computation}},
volume = {13},
year = {2011}
}
@Manual{R-boot,
  title = {boot: Bootstrap Functions (Originally by Angelo Canty for S)},
  author = {Angelo Canty and Brian Ripley},
  year = {2017},
  note = {R package version 1.3-20},
  url = {https://CRAN.R-project.org/package=boot},
}
@Manual{R-broom,
  title = {broom: Convert Statistical Analysis Objects into Tidy Tibbles},
  author = {David Robinson and Alex Hayes},
  year = {2018},
  note = {R package version 0.5.0},
  url = {https://CRAN.R-project.org/package=broom},
}
@Manual{R-cowplot,
  title = {cowplot: Streamlined Plot Theme and Plot Annotations for 'ggplot2'},
  author = {Claus O. Wilke},
  year = {2018},
  note = {R package version 0.9.3},
  url = {https://CRAN.R-project.org/package=cowplot},
}
@Manual{R-dplyr,
  title = {dplyr: A Grammar of Data Manipulation},
  author = {Hadley Wickham and Romain Fran\c cois and Lionel Henry and Kirill MÃ¼ller},
  year = {2018},
  note = {R package version 0.7.6},
  url = {https://CRAN.R-project.org/package=dplyr},
}
@Manual{R-ggplot2,
  title = {ggplot2: Create Elegant Data Visualisations Using the Grammar of Graphics},
  author = {Hadley Wickham and Winston Chang and Lionel Henry and Thomas Lin Pedersen and Kohske Takahashi and Claus Wilke and Kara Woo},
  year = {2018},
  note = {R package version 3.0.0},
  url = {https://CRAN.R-project.org/package=ggplot2},
}
@Manual{R-gridExtra,
  title = {gridExtra: Miscellaneous Functions for "Grid" Graphics},
  author = {Baptiste Auguie},
  year = {2017},
  note = {R package version 2.3},
  url = {https://CRAN.R-project.org/package=gridExtra},
}
@Manual{R-knitr,
  title = {knitr: A General-Purpose Package for Dynamic Report Generation in R},
  author = {Yihui Xie},
  year = {2018},
  note = {R package version 1.20.15},
  url = {https://yihui.name/knitr/},
}
@Manual{R-lattice,
  title = {lattice: Trellis Graphics for R},
  author = {Deepayan Sarkar},
  year = {2017},
  note = {R package version 0.20-35},
  url = {https://CRAN.R-project.org/package=lattice},
}
@Manual{R-lme4,
  title = {lme4: Linear Mixed-Effects Models using 'Eigen' and S4},
  author = {Douglas Bates and Martin Maechler and Ben Bolker and Steven Walker},
  year = {2018},
  note = {R package version 1.1-18-1},
  url = {https://CRAN.R-project.org/package=lme4},
}
@Manual{R-lubridate,
  title = {lubridate: Make Dealing with Dates a Little Easier},
  author = {Vitalie Spinu and Garrett Grolemund and Hadley Wickham},
  year = {2018},
  note = {R package version 1.7.4},
  url = {https://CRAN.R-project.org/package=lubridate},
}
@Manual{R-magrittr,
  title = {magrittr: A Forward-Pipe Operator for R},
  author = {Stefan Milton Bache and Hadley Wickham},
  year = {2014},
  note = {R package version 1.5},
  url = {https://CRAN.R-project.org/package=magrittr},
}
@Manual{R-manipulate,
  title = {manipulate: Interactive Plots for RStudio},
  author = {JJ Allaire},
  year = {2014},
  note = {R package version 1.0.1},
  url = {https://CRAN.R-project.org/package=manipulate},
}
@Manual{R-maptools,
  title = {maptools: Tools for Handling Spatial Objects},
  author = {Roger Bivand and Nicholas Lewin-Koh},
  year = {2018},
  note = {R package version 0.9-4},
  url = {https://CRAN.R-project.org/package=maptools},
}
@Manual{R-purrr,
  title = {purrr: Functional Programming Tools},
  author = {Lionel Henry and Hadley Wickham},
  year = {2018},
  note = {R package version 0.2.5},
  url = {https://CRAN.R-project.org/package=purrr},
}
@Manual{R-raster,
  title = {raster: Geographic Data Analysis and Modeling},
  author = {Robert J. Hijmans},
  year = {2017},
  note = {R package version 2.6-7},
  url = {https://CRAN.R-project.org/package=raster},
}
@Manual{R-Rcpp,
  title = {Rcpp: Seamless R and C++ Integration},
  author = {Dirk Eddelbuettel and Romain Francois and JJ Allaire and Kevin Ushey and Qiang Kou and Nathan Russell and Douglas Bates and John Chambers},
  year = {2018},
  note = {R package version 0.12.18},
  url = {https://CRAN.R-project.org/package=Rcpp},
}
@Manual{R-readODS,
  title = {readODS: Read and Write ODS Files},
  author = {Gerrit-Jan Schutten and Chung-hong Chan and Thomas J. Leeper},
  year = {2016},
  note = {R package version 1.6.4},
  url = {https://CRAN.R-project.org/package=readODS},
}
@Manual{R-readr,
  title = {readr: Read Rectangular Text Data},
  author = {Hadley Wickham and Jim Hester and Romain Francois},
  year = {2017},
  note = {R package version 1.1.1},
  url = {https://CRAN.R-project.org/package=readr},
}
@Manual{R-readxl,
  title = {readxl: Read Excel Files},
  author = {Hadley Wickham and Jennifer Bryan},
  year = {2018},
  note = {R package version 1.1.0},
  url = {https://CRAN.R-project.org/package=readxl},
}
@Manual{R-rgdal,
  title = {rgdal: Bindings for the 'Geospatial' Data Abstraction Library},
  author = {Roger Bivand and Tim Keitt and Barry Rowlingson},
  year = {2018},
  note = {R package version 1.3-4},
  url = {https://CRAN.R-project.org/package=rgdal},
}
@Manual{R-rgeos,
  title = {rgeos: Interface to Geometry Engine - Open Source ('GEOS')},
  author = {Roger Bivand and Colin Rundel},
  year = {2018},
  note = {R package version 0.3-28},
  url = {https://CRAN.R-project.org/package=rgeos},
}
@Manual{R-rsample,
  title = {rsample: General Resampling Infrastructure},
  author = {Max Kuhn and Hadley Wickham},
  year = {2017},
  note = {R package version 0.0.2},
  url = {https://CRAN.R-project.org/package=rsample},
}
@Manual{R-sp,
  title = {sp: Classes and Methods for Spatial Data},
  author = {Edzer Pebesma and Roger Bivand},
  year = {2018},
  note = {R package version 1.3-1},
  url = {https://CRAN.R-project.org/package=sp},
}
@Manual{R-stringr,
  title = {stringr: Simple, Consistent Wrappers for Common String Operations},
  author = {Hadley Wickham},
  year = {2018},
  note = {R package version 1.3.1},
  url = {https://CRAN.R-project.org/package=stringr},
}
@Manual{R-tibble,
  title = {tibble: Simple Data Frames},
  author = {Kirill M\"uller and Hadley Wickham},
  year = {2018},
  note = {R package version 1.4.2},
  url = {https://CRAN.R-project.org/package=tibble},
}
@Manual{R-tidyr,
  title = {tidyr: Easily Tidy Data with 'spread()' and 'gather()' Functions},
  author = {Hadley Wickham and Lionel Henry},
  year = {2018},
  note = {R package version 0.8.1},
  url = {https://CRAN.R-project.org/package=tidyr},
}
@Manual{R-tidyverse,
  title = {tidyverse: Easily Install and Load the 'Tidyverse'},
  author = {Hadley Wickham},
  year = {2017},
  note = {R package version 1.2.1},
  url = {https://CRAN.R-project.org/package=tidyverse},
}
@Manual{R-xtable,
  title = {xtable: Export Tables to LaTeX or HTML},
  author = {David B. Dahl and David Scott and Charles Roosen and Arni Magnusson and Jonathan Swinton},
  year = {2018},
  note = {R package version 1.8-3},
  url = {https://CRAN.R-project.org/package=xtable},
}
